@article{peleg2011microbial,
  title={Microbial growth curves: what the models tell us and what they cannot},
  author={Peleg, Micha and Corradini, Maria G},
  journal={Critical reviews in food science and nutrition},
  volume={51},
  number={10},
  pages={917--945},
  year={2011},
  publisher={Taylor \& Francis}
}


@article{sriket2014proteases,
  title={Proteases in fish and shellfish: Role on muscle softening and prevention.},
  author={Sriket, C},
  journal={International Food Research Journal},
  volume={21},
  number={2},
  year={2014}
}



@article{gil2015pre,
  title={Pre-and postharvest preventive measures and intervention strategies to control microbial food safety hazards of fresh leafy vegetables},
  author={Gil, Maria I and Selma, Maria V and Suslow, Trevor and Jacxsens, Liesbeth and Uyttendaele, Mieke and Allende, Ana},
  journal={Critical reviews in food science and nutrition},
  volume={55},
  number={4},
  pages={453--468},
  year={2015},
  publisher={Taylor \& Francis}
}


@article{johnson2004model,
  title={Model selection in ecology and evolution},
  author={Johnson, Jerald B and Omland, Kristian S},
  journal={Trends in ecology \& evolution},
  volume={19},
  number={2},
  pages={101--108},
  year={2004},
  publisher={Elsevier}
}

@article{lopez2004statistical,
  title={Statistical evaluation of mathematical models for microbial growth},
  author={L{\'o}pez, Sophie and Prieto, M and Dijkstra, J and Dhanoa, MS and France, J},
  journal={International journal of food microbiology},
  volume={96},
  number={3},
  pages={289--300},
  year={2004},
  publisher={Elsevier}
}

@article{zwietering1990modeling,
  title={Modeling of the bacterial growth curve},
  author={Zwietering, MH and Jongenburger, Il and Rombouts, FM and Van't Riet, KJAEM},
  journal={Applied and environmental microbiology},
  volume={56},
  number={6},
  pages={1875--1881},
  year={1990},
  publisher={Am Soc Microbiol}
}

@article{wagenmakers2004aic,
  title={AIC model selection using Akaike weights},
  author={Wagenmakers, Eric-Jan and Farrell, Simon},
  journal={Psychonomic bulletin \& review},
  volume={11},
  number={1},
  pages={192--196},
  year={2004},
  publisher={Springer}
}

@article{ferrer2009mathematical,
  title={Mathematical modelling methodologies in predictive food microbiology: a SWOT analysis},
  author={Ferrer, Jordi and Prats, Clara and L{\'o}pez, Daniel and Vives-Rego, Josep},
  journal={International Journal of Food Microbiology},
  volume={134},
  number={1-2},
  pages={2--8},
  year={2009},
  publisher={Elsevier}
}