@article{jimenez2016seed,
  title={Seed germination traits can contribute better to plant community ecology},
  author={Jim{\'e}nez-Alfaro, Borja and Silveira, Fernando AO and Fidelis, Alessandra and Poschlod, Peter and Commander, Lucy E},
  journal={Journal of Vegetation Science},
  volume={27},
  number={3},
  pages={637--645},
  year={2016},
  publisher={Wiley Online Library}
}

@article{debastiani2021using,
  title={Using phylogenetic information to impute missing functional trait values in ecological databases},
  author={Debastiani, Vanderlei J and Bastazini, Vinicius AG and Pillar, Val{\'e}rio D},
  journal={Ecological Informatics},
  volume={63},
  pages={101315},
  year={2021},
  publisher={Elsevier}
}

@article{breiman2001random,
  title={Random forests},
  author={Breiman, Leo},
  journal={Machine learning},
  volume={45},
  pages={5--32},
  year={2001},
  publisher={Springer}
}

@article{mammola2021concepts,
  title={Concepts and applications in functional diversity},
  author={Mammola, Stefano and Carmona, Carlos P and Guillerme, Thomas and Cardoso, Pedro},
  journal={Functional Ecology},
  volume={35},
  number={9},
  pages={1869--1885},
  year={2021},
  publisher={Wiley Online Library}
}

@article{grenie2023fundiversity,
  title={fundiversity: a modular R package to compute functional diversity indices},
  author={Greni{\'e}, Matthias and Gruson, Hugo},
  journal={Ecography},
  volume={2023},
  number={3},
  pages={e06585},
  year={2023},
  publisher={Wiley Online Library}
}

@article{ricotta2011cwm,
  title={CWM and Rao's quadratic diversity: a unified framework for functional ecology},
  author={Ricotta, Carlo and Moretti, Marco},
  journal={Oecologia},
  volume={167},
  pages={181--188},
  year={2011},
  publisher={Springer}
}

@misc{zirbel2020trait,
  title={Trait--environment interactions affect plant establishment success during restoration},
  author={Zirbel, Chad R and Brudvig, Lars A},
  year={2020},
  publisher={Wiley Online Library}
}

@article{saatkamp2019research,
  title={A research agenda for seed-trait functional ecology},
  author={Saatkamp, Arne and Cochrane, Anne and Commander, Lucy and Guja, Lydia K and Jimenez-Alfaro, Borja and Larson, Julie and Nicotra, Adrienne and Poschlod, Peter and Silveira, Fernando AO and Cross, Adam T and others},
  journal={New phytologist},
  volume={221},
  number={4},
  pages={1764--1775},
  year={2019},
  publisher={Wiley Online Library}
}

@article{lavorel2008assessing,
  title={Assessing functional diversity in the field--methodology matters!},
  author={Lavorel, Sandra and Grigulis, Karl and McIntyre, Sue and Williams, Nick SG and Garden, Denys and Dorrough, Josh and Berman, Sandra and Qu{\'e}tier, Fabien and Th{\'e}bault, Aur{\'e}lie and Bonis, Anne},
  journal={Functional Ecology},
  volume={22},
  number={1},
  pages={134--147},
  year={2008},
  publisher={Wiley Online Library}
}

@article{laughlin2012predictive,
  title={A predictive model of community assembly that incorporates intraspecific trait variation},
  author={Laughlin, Daniel C and Joshi, Chaitanya and van Bodegom, Peter M and Bastow, Zachary A and Ful{\'e}, Peter Z},
  journal={Ecology letters},
  volume={15},
  number={11},
  pages={1291--1299},
  year={2012},
  publisher={Wiley Online Library}
}

@article{brown2014fourth,
  title={The fourth-corner solution--using predictive models to understand how species traits interact with the environment},
  author={Brown, Alexandra M and Warton, David I and Andrew, Nigel R and Binns, Matthew and Cassis, Gerasimos and Gibb, Heloise},
  journal={Methods in Ecology and Evolution},
  volume={5},
  number={4},
  pages={344--352},
  year={2014},
  publisher={Wiley Online Library}
}

@article{rosbakh2022inferring,
  title={Inferring community assembly processes from functional seed trait variation along elevation gradient},
  author={Rosbakh, Sergey and Chalmandrier, Lo{\"\i}c and Phartyal, Shyam and Poschlod, Peter},
  journal={Journal of Ecology},
  volume={110},
  number={10},
  pages={2374--2387},
  year={2022},
  publisher={Wiley Online Library}
}

@article{peco2009seed,
  title={Seed size and response to rainfall patterns in annual grasslands: 16 years of permanent plot data},
  author={Peco, B and Rico, L and Azc{\'a}rate, FM},
  journal={Journal of Vegetation Science},
  volume={20},
  number={1},
  pages={8--16},
  year={2009},
  publisher={Wiley Online Library}
}

@article{mason2005functional,
  title={Functional richness, functional evenness and functional divergence: the primary components of functional diversity},
  author={Mason, Norman WH and Mouillot, David and Lee, William G and Wilson, J Bastow},
  journal={Oikos},
  volume={111},
  number={1},
  pages={112--118},
  year={2005},
  publisher={Wiley Online Library}
}

@article{crawley2004timing,
  title={Timing of disturbance and coexistence in a species-rich ruderal plant community},
  author={Crawley, Michael J},
  journal={Ecology},
  volume={85},
  number={12},
  pages={3277--3288},
  year={2004},
  publisher={Wiley Online Library}
}

@article{crawley2021rise,
  title={The rise of Vulpia myuros (Poaceae) and the impact of cultivation-timing on plant community structure.},
  author={Crawley, Michael J},
  journal={British \& Irish Botany},
  volume={3},
  number={3},
  year={2021}
}

@Manual{funspace,
  title = {funspace: Creating and Representing Functional Trait Spaces},
  author = {Nicola Pavanetto and Giacomo Puglielli},
  year = {2023},
  note = {R package version 0.1.1},
  url = {https://CRAN.R-project.org/package=funspace},
}

@Manual{V.PhyloMaker2,
  title = {V.PhyloMaker2: Make phylogenetic hypotheses for vascular plants.},
  author = {Yi Jin},
  year = {2023},
  note = {R package version 0.1.0},
}

@Manual{fundiversity,
  title = {{fundiversity}: Easy Computation of Functional Diversity Indices},
  author = {Matthias Greni√© and Hugo Gruson},
  year = {2023},
  note = {R package version 1.1.1},
  url = {https://github.com/funecology/fundiversity},
  doi = {10.5281/zenodo.4761754},
}

@Manual{mvabund,
  title = {mvabund: Statistical Methods for Analysing Multivariate Abundance Data},
  author = {Yi Wang and Ulrike Naumann and Dirk Eddelbuettel and John Wilshire and David Warton},
  year = {2022},
  note = {R package version 4.2.1},
  url = {https://CRAN.R-project.org/package=mvabund},
}

@Manual{BAT,
  title = {BAT: Biodiversity Assessment Tools},
  author = {Pedro Cardoso and Stefano Mammola and Francois Rigal and Jose Carvalho},
  year = {2022},
  note = {R package version 2.9.2},
  url = {https://CRAN.R-project.org/package=BAT},
}

@Article{lme4,
  title = {Fitting Linear Mixed-Effects Models Using {lme4}},
  author = {Douglas Bates and Martin M{\"a}chler and Ben Bolker and Steve Walker},
  journal = {Journal of Statistical Software},
  year = {2015},
  volume = {67},
  number = {1},
  pages = {1--48},
  doi = {10.18637/jss.v067.i01},
}