@article{dray2014combining,
  title={Combining the fourth-corner and the RLQ methods for assessing trait responses to environmental variation},
  author={Dray, St{\'e}phane and Choler, Philippe and Dol{\'e}dec, Sylvain and Peres-Neto, Pedro R and Thuiller, Wilfried and Pavoine, Sandrine and ter Braak, Cajo JF},
  journal={Ecology},
  volume={95},
  number={1},
  pages={14--21},
  year={2014},
  publisher={Wiley Online Library}
}

@article{kleyer2012assessing,
  title={Assessing species and community functional responses to environmental gradients: which multivariate methods?},
  author={Kleyer, Michael and Dray, St{\'e}phane and Bello, Francescode and Lep{\v{s}}, Jan and Pakeman, Robin J and Strauss, Barbara and Thuiller, Wilfried and Lavorel, Sandra},
  journal={Journal of vegetation science},
  volume={23},
  number={5},
  pages={805--821},
  year={2012},
  publisher={Wiley Online Library}
}

@article{diaz2004plant,
  title={The plant traits that drive ecosystems: evidence from three continents},
  author={Diaz, Sandra and Hodgson, JG and Thompson, K and Cabido, M and Cornelissen, Johannes HC and Jalili, A and Montserrat-Mart{\'\i}, G and Grime, JP and Zarrinkamar, Fvcx and Asri, Y and others},
  journal={Journal of vegetation science},
  volume={15},
  number={3},
  pages={295--304},
  year={2004},
  publisher={Wiley Online Library}
}

@article{mcgill2006rebuilding,
  title={Rebuilding community ecology from functional traits},
  author={McGill, Brian J and Enquist, Brian J and Weiher, Evan and Westoby, Mark},
  journal={Trends in ecology \& evolution},
  volume={21},
  number={4},
  pages={178--185},
  year={2006},
  publisher={Elsevier}
}